<record><leader>00000cas a22000007a 4500</leader><controlfield tag="001">20412884</controlfield><controlfield tag="008">890929c19429999gauwr ne      0    0eng d</controlfield><datafield ind1=" " ind2=" " tag="010"><subfield code="a">sn 88054143 </subfield></datafield><datafield ind1=" " ind2=" " tag="040"><subfield code="a">NLG</subfield><subfield code="b">eng</subfield><subfield code="c">NLG</subfield><subfield code="d">GUA</subfield><subfield code="d">OCLCQ</subfield></datafield><datafield ind1=" " ind2=" " tag="042"><subfield code="a">msc</subfield></datafield><datafield ind1=" " ind2=" " tag="043"><subfield code="a">n-us-ga</subfield></datafield><datafield ind1="0" ind2=" " tag="130"><subfield code="a">Baxley news-banner (Baxley, Ga. : 1942)</subfield></datafield><datafield ind1="1" ind2="4" tag="245"><subfield code="a">The Baxley news-banner.</subfield></datafield><datafield ind1=" " ind2=" " tag="260"><subfield code="a">Baxley, Ga. :</subfield><subfield code="b">Albert S. Jenkins,</subfield><subfield code="c">[1942]-</subfield></datafield><datafield ind1=" " ind2=" " tag="300"><subfield code="a">v.</subfield></datafield><datafield ind1=" " ind2=" " tag="310"><subfield code="a">Weekly</subfield></datafield><datafield ind1="0" ind2=" " tag="362"><subfield code="a">Vol. 59, no. 44 (Nov. 12, 1942)-</subfield></datafield><datafield ind1=" " ind2=" " tag="530"><subfield code="a">Also on microfilm: Athens, Ga. : University of Georgia Libraries.</subfield></datafield><datafield ind1=" " ind2=" " tag="752"><subfield code="a">United States</subfield><subfield code="b">Georgia</subfield><subfield code="c">Appling</subfield><subfield code="d">Baxley.</subfield></datafield><datafield ind1="0" ind2="0" tag="780"><subfield code="t">Baxley news-banner (Baxley herald)</subfield><subfield code="w">(DLC)sn 90052171</subfield><subfield code="w">(OCoLC)(OCoLC)21430897</subfield></datafield><datafield ind1="1" ind2=" " tag="029"><subfield code="a">AU@</subfield><subfield code="b">000026207345</subfield></datafield></record>